@misc{ref1,
  author = {Chio,Jin-Chern, et al},
  title = {"A Wirelessly Powered Smart Contact-Lens with Reconfigurable Wide Range and Tunable Sensitivity Sensor Readout Circuitry"},
  year = {2017}
}
@misc{ref2,
  author = {Taher, Faisal, and Keith Cheverst},
  title = {"Exploring user preferences for indoor navigation support through a combination of mo-bile and fixed displays.” Proceedings of the 13th International Conference on Human Computer Interaction with Mobile Devices and Service"},
  year = {2011}
}
@misc{ref3,
  author = {Schöning, Johannes, et al},
  title = {"PhotoMap: using spontaneously taken images of public maps for pedestrian navigation taskson mobile devices"},
  year = {2009}
}
@misc{ref4,
  author = {Rauschnabel, Philipp A., Alexander Brem, and Bjoern S. Ivens},
  title = {”Who will buy smart glasses? Empirical results of two pre-market-entry studies on the role of personality in individual awareness and intended adoption of Google Glass wearables.”},
  year = {2011}
}
@misc{ref5,
  author = {Esteves, Augusto, et al.},
  title = {"Orbits: Gaze interaction for smart watches using smooth pursuit eye movements.”},
  year = {2015}
}
@misc{ref6,
  author = {Stroila, Matei, et al.},
  title = {Route visualization in indoor panoramic imagery with open area maps.”},
  year = {2012}
}